@online{c_manual,
	author = {{Multiple Authors}},
	title = "The GNU C Reference Manual",
	year = {2008},
	url = {http://www.gnu.org/software/gnu-c-manual/gnu-c-manual.html},
	urldate = {18-04-2016},
	organization = {Free Software Foundation, Inc.},
}

@online{c_manual_2,
	author = {{Eric Huss}},
	title = {The C Library Reference Guide},
	year = {1997},
	url = {https://www-s.acm.illinois.edu/webmonkeys/book/c_guide/},
	urldate = {18-04-2016},
}

@online{modbus_types,
	author = {{Multiple Authors}},
	title = {Protocol:Modbus},
	year = {2015},
	url = {http://www.seriousintegrated.com/w/index.php?title=Protocol:Modbus},
	urldate = {18-04-2016},
	organization = {Serious Integrated},
}

@online{modbus_protocol_3,
	author = {{Multiple Authors}},
	title = {MODBUS over Serial Line Specification \& Implementation guide V1.0},
	year = {2002},
	url = {http://www.modbus.org/docs/Modbus_over_serial_line_V1.pdf},
	urldate = {18-04-2016},
	organization = {Modbus.org},
}

@online{modbus_protocol_4,
	author = {George Thomas},
	title = {Introduction to Modbus Serial and Modbus TCP},
	year = {2008},
	url = {https://www.ccontrols.com/pdf/Extv9n5.pdf},
	urldate = {18-04-2016},
	organization = {Contemporary Controls},
}

@manual{ModTCP,
    title = "MODBUS Messaging on TCP/IP Implementation Guide",
    author = "{Multiple Authors}",
    year = "2006",
    organisation = "Modbus Organisation",
    url = "http://www.modbus.org/docs/Modbus_Messaging_Implementation_Guide_V1_0b.pdf"
}

@online{ModFAQ,
	author = "mvader",
	title = {CCGX Modbus TCP FAQ},
	year = {2016},
	urldate = {19-4-2016},
	url = {https://www.victronenergy.com/live/ccgx:modbustcp_faq}
}

@manual{GXPanel,
    title = "Manual Digital Multi Control GX Panel",
    author = "{Multiple Authors}",
    year = "2008",
    organisation = "Victron Energy B.V",
    url = "https://www.victronenergy.nl/upload/documents/Manual-Digital-Multi-Control-GX-Panel-EN-NL-FR-DE-ES.pdf"
}

@manual{invCharg,
    title = "Multiplus inverter charger 800va 5kva datasheet",
    author = "{Multiple Authors}",
    organisation = "Victron Energy B.V",
    url = "https://www.stroomwinkel.nl/download/Datasheet/datasheet_multiplus-inverter-charger--800va-%E2%80%93-5kva-nl.pdf"
}

@manual{weatherstation_registers,
    title = "Manual: Family of smart weather sensors",
    author = "{Multiple Authors}",
    organisation = "G. Lufft Mess- und Regeltechniek GmbH",
    url = "http://www.lufft.com/dateianzeige.php/?Dateiname=download/manual/WSx-UMB_V30_e.pdf",
    year = "2015",
    month = "september",
    note = "page 121"
}

@manual{weatherstation_polling_rate,
    title = "Manual: Family of smart weather sensors",
    author = "{Multiple Authors}",
    organisation = "G. Lufft Mess- und Regeltechniek GmbH",
    url = "http://www.lufft.com/dateianzeige.php/?Dateiname=download/manual/WSx-UMB_V30_e.pdf",
    year = "2015",
    month = "september",
    note = "page 119"
}

@Book{Embedded,
	author = {David E. Simon},
	title = {An embedded software primer},
	publisher = {Addison-Wesley Longman Publishing Co},
	year = {1999},
	country = {USA},
	edition = {1ste} 
}

@manual{ModProto,
    title = "Modicon modbus protocol reference guide",
    author = "Modicon",
    organisation = "MODICON inc",
    year = {1996},
    url = "http://modbus.org/docs/PI_MBUS_300.pdf"
}

@online{odroid_specs,
	title = {Technical Detail},
	author = {{Multiple Authors}},
	year = {2013},
	url = {http://www.hardkernel.com/main/products/prdt_info.php?g_code=G143703355573&tab_idx=2},
	urldate = {19-04-2016},
	organization = {Hardkernel},
}

@misc{baphandleiding,
    title = "{EE3L11} Bachelor Graduation Project",
    author = "{Multiple Authors}",
    organisation = "TU Delft",
    year = {2016},
}

@unpublished{report_pavel,
    title = "eBike Charging Station - Communication Software",
    author = "Pavel Purgat",
    year = {2015},
    month = {december},
    note = {General Description},
}

@misc{excel_registers,
    title = "{CCGX} {M}odbus-{TCP} register list",
    organization = "Victron Energy",
    note = {Excel file},
}

@manual{bs170,
    title = "BS170/MMBF170 N-Channel Enhancement Mode Field Effect Transistor",
    author = "Modicon",
    organisation = "Fairchild Semiconductor Corporation",
    year = {2010},
    month = {march},
    url = "https://www.fairchildsemi.com/datasheets/BS/BS170.pdf"
}

@manual{p2n2222A,
    title = "P2N2222A NPN General-Purpose Amplifier",
    organisation = "Fairchild",
    url = "https://www.fairchildsemi.com/datasheets/PN/PN2222A.pdf",
    year = "2004",
}

@manual{odroidmanual,
    title = "User Manual ODROID-C1",
    organisation = "Hardkernel",
    url = "http://magazine.odroid.com/wp-content/uploads/odroid-c1-user-manual.pdf"
}

@manual{temp_probe_datasheet,
    title = "Temperature Probes Technical Datasheet",
    organisation = "Kimo Instruments",
    url = "http://www.kimo.fr/assets/docs/cat_tempe/cat_tempe_en.pdf",
    note = "page 33",
}

@manual{adam_datasheet,
    title = "ADAM-4015 6-ch TRD Module with Modbus",
    organisation = "Advantech",
    url = "http://downloadt.advantech.com/ProductFile/PIS/ADAM-4015/Product%20-%20Datasheet/ADAM-401520150714145037.pdf",
    year = "2015",
    month = "may",
}

@article{battery_temperature,
	author = "Ratnakumar V. {Bugga} and M. C. {Smart}",
	title = {Lithium Plating Behavior in Lithium-ion Cells},
	year = {2010},
	journal = {ECS Transactions},
	volume = {25},
	url = {http://ecst.ecsdl.org/content/25/36/241.abstract},
	urldate = {127-05-2016},
	note = {{J}et Propulsion Laboratory, California Institute of Technology},
}

@misc{feasibility_study,
author = {{Multiple Authors}},
title = {Solar Powered eBike Charging Station: Feasibility Study and Budget},
note = {{D}elft University of Technology},
year = {2014},
month = {July},
}

@online{switch_transistor,
author = {Jimbo},
title = {Transistors},
url = {https://learn.sparkfun.com/tutorials/transistors/applications-i-switches},
organization = {Sparkfun},
urldate = {30-05-2016},
}

@online{wiringPi,
author = {{Multiple Authors}},
title = {{WiringPi}},
year = {2012},
url = {https://github.com/hardkernel/wiringPi},
urldate = {01-06-2016},
}

@online{AdamApax,
author = {{Multiple Authors}},
title = {{AdamApax .NET Utility}},
year = {2015},
url = {http://support.advantech.com.tw/support/DownloadSRDetail_New.aspx?SR_ID=1-2AKUDB&Doc_Source=Download},
urldate = {06-06-2016},
}

@online{valgrind,
author = {{Multiple Authors}},
title = {Valgrind},
year = {2015},
url = {http://valgrind.org},
urldate = {06-06-2016},
}

@online{WebGL_guide,
author = {{Multiple Authors}},
title = {{Open GLES for linux}},
year = {2014},
url = {http://odroid.com/dokuwiki/doku.php?id=en:opengleslinux}
}

@online{WebGL_forum,
author = {benkong},
title = {How to enable Chromium browser GPU hardware accelerate},
year = {2015},
url = {http://forum.odroid.com/viewtopic.php?f=112&t=8267}
}

@online{openvpn,
author = {{Multiple Authors}},
title = {{OpenVPN 2.3.11}},
year = {2016},
url = {https://openvpn.net/index.php/download/community-downloads.html},
urldate = {09-06-2016},
}

@manual{adam_polling,
    title = "ADAM 4000 Data Aquisition Modules User's Manual",
    organisation = "Advantech",
    url = "http://www.bb-elec.com/Products/Manuals/ADAM-4000.pdf",
    year = "2002",
    month = "sept.",
    note = "page 3-14"
}

@online{odroid_currentlimit,
author = {{Multiple Authors}},
title = {BLock Diagram and Schematic},
year = {2016},
url = {http://odroid.com/dokuwiki/doku.php?id=en:c1_hardware#expansion_connectors},
urldate = {10-06-2016},
note = {Hardkernel}
}

@online{wiringpi_functions,
title = {Core Functions},
year = {2016},
url = {http://wiringpi.com/reference/core-functions/},
urldate = {10-06-2016},
}

@online{libmodbus,
author = {{Multiple Authors}},
title = {libmodbus},
year = {2013},
url = {http://libmodbus.org/},
urldate = {13-06-2016}
}

@online{fritzing,
author = {{Multiple Authors}},
title = {Fritzing},
year = {2016},
url = {http://fritzing.org/home/},
urldate = {13-06-2016}
}

@online{jquery,
author = {{Multiple Authors}},
title = {j{Q}uery},
year = {2016},
url = {http://jquery.com/},
urldate = {14-06-2016}
}

@online{upstart,
author = {{Multiple Authors}},
title = {Upstart},
year = {2016},
url = {http://upstart.ubuntu.com/},
note = {{Canonical Ltd.}},
urldate = {14-06-2016}
}

@online{unclutter,
author = {Axel {Beckert} and Ian {Jackson}},
title = {Unclutter},
year = {2016},
url = {https://packages.debian.org/unstable/unclutter},
OPTurldate = {14-06-2016},
}
